<?xml version="1.0" encoding="UTF-8"?>
<record xmlns="http://www.loc.gov/MARC21/slim" xmlns:xsi="http://www.w3.org/2001/XMLSchema-instance" xsi:schemaLocation="http://www.loc.gov/MARC21/slim http://www.loc.gov/standards/marcxml/schema/MARC21slim.xsd">
<leader>00000cam a22      a 4500</leader>
<controlfield tag="001">001700793</controlfield>
<controlfield tag="003">NNU</controlfield>
<controlfield tag="005">20151009165329.0</controlfield>
<controlfield tag="008">830607s1934    ae       b    001 0bara</controlfield>
<datafield tag="010" ind1=" " ind2=" ">
<subfield code="a">   72210957</subfield>
</datafield>
<datafield tag="035" ind1=" " ind2=" ">
<subfield code="a">(OCoLC)9584521</subfield>
<subfield code="z">(OCoLC)4656076</subfield>
<subfield code="z">(OCoLC)362267082</subfield>
<subfield code="z">(OCoLC)610281655</subfield>
</datafield>
<datafield tag="040" ind1=" " ind2=" ">
<subfield code="a">DLC</subfield>
<subfield code="b">eng</subfield>
<subfield code="c">WAU</subfield>
<subfield code="d">DLC</subfield>
<subfield code="d">OKU</subfield>
<subfield code="d">OCLCA</subfield>
<subfield code="d">CLE</subfield>
<subfield code="d">ZCU</subfield>
<subfield code="d">OCLCQ</subfield>
<subfield code="d">J9U</subfield>
<subfield code="d">OCLCQ</subfield>
<subfield code="d">OCLCO</subfield>
<subfield code="d">OCLCF</subfield>
<subfield code="d">OCLCA</subfield>
</datafield>
<datafield tag="041" ind1="0" ind2=" ">
<subfield code="a">ara</subfield>
<subfield code="a">fre</subfield>
</datafield>
<datafield tag="042" ind1=" " ind2=" ">
<subfield code="a">premarc</subfield>
</datafield>
<datafield tag="043" ind1=" " ind2=" ">
<subfield code="a">a-sy---</subfield>
</datafield>
<datafield tag="050" ind1=" " ind2="4">
<subfield code="a">DS97</subfield>
<subfield code="b">.C35 1934</subfield>
</datafield>
<datafield tag="050" ind1="0" ind2="0">
<subfield code="a">DS97</subfield>
<subfield code="b">.C35</subfield>
</datafield>
<datafield tag="082" ind1="0" ind2="4">
<subfield code="a">956.8</subfield>
<subfield code="b">C16s</subfield>
</datafield>
<datafield tag="100" ind1="1" ind2=" ">
<subfield code="6">880-01</subfield>
<subfield code="a">Canard, Marius.</subfield>
</datafield>
<datafield tag="245" ind1="1" ind2="0">
<subfield code="6">880-02</subfield>
<subfield code="a">Nukhab tārīkhīyah wa-adabīyah jāmiʻah li-akhbār al-Amīr Sayf al-Dawlah al-Ḥamdānī al-tuwuffī sanat 356 H.-967 M /</subfield>
<subfield code="c">qad iʻtaná bi-iltiqāṭihā wa-sharaḥahā Māryūs Kānār.</subfield>
</datafield>
<datafield tag="246" ind1="1" ind2="5">
<subfield code="6">880-03</subfield>
<subfield code="a">Sayf al Daula :</subfield>
<subfield code="b">recueil de textes relatifs à l'émir Sayf al Daula le Hamdanide</subfield>
</datafield>
<datafield tag="260" ind1=" " ind2=" ">
<subfield code="6">880-04</subfield>
<subfield code="a">al-Jazāʼir :</subfield>
<subfield code="b">J. Karbūnīl,</subfield>
<subfield code="c">1934.</subfield>
</datafield>
<datafield tag="300" ind1=" " ind2=" ">
<subfield code="a">484 pages ;</subfield>
<subfield code="c">22 cm.</subfield>
</datafield>
<datafield tag="336" ind1=" " ind2=" ">
<subfield code="a">text</subfield>
<subfield code="b">txt</subfield>
<subfield code="2">rdacontent</subfield>
</datafield>
<datafield tag="337" ind1=" " ind2=" ">
<subfield code="a">unmediated</subfield>
<subfield code="b">n</subfield>
<subfield code="2">rdamedia</subfield>
</datafield>
<datafield tag="338" ind1=" " ind2=" ">
<subfield code="a">volume</subfield>
<subfield code="b">nc</subfield>
<subfield code="2">rdacarrier</subfield>
</datafield>
<datafield tag="490" ind1="1" ind2=" ">
<subfield code="6">880-05</subfield>
<subfield code="a">Khizānat al-kutub al-ʻArabīyah ;</subfield>
<subfield code="v">al-juzʼ 8</subfield>
</datafield>
<datafield tag="500" ind1=" " ind2=" ">
<subfield code="a">Added t.p.: Sayf al Daula : recueil de textes relatifs à l'émir Sayf al Daula le Hamdanide avec annotations / édité par Marius Canard.</subfield>
</datafield>
<datafield tag="504" ind1=" " ind2=" ">
<subfield code="a">Includes bibliographical references (pages 434-451) and index.</subfield>
</datafield>
<datafield tag="600" ind1="1" ind2="0">
<subfield code="6">880-06</subfield>
<subfield code="a">Sayf al-Dawlah al-Ḥamdānī, ʻAlī ibn ʻAbd Allāh,</subfield>
<subfield code="d">916-967.</subfield>
</datafield>
<datafield tag="600" ind1="1" ind2="4">
<subfield code="a">Saif al-Daulah 'Ali, al-Hamdani,</subfield>
<subfield code="c">emir of Aleppo,</subfield>
<subfield code="d">916-969.</subfield>
</datafield>
<datafield tag="600" ind1="1" ind2="7">
<subfield code="a">Sayf al-Dawlah al-Ḥamdānī, ʻAlī ibn ʻAbd Allāh,</subfield>
<subfield code="d">916-967.</subfield>
<subfield code="2">fast</subfield>
<subfield code="0">(OCoLC)fst01760943</subfield>
</datafield>
<datafield tag="880" ind1="1" ind2=" ">
<subfield code="6">100-01/</subfield>
<subfield code="a">كانار، ماريوس.</subfield>
</datafield>
<datafield tag="880" ind1="1" ind2="0">
<subfield code="6">245-02/</subfield>
<subfield code="a">نخب تاريخية وادبية جامعة لاخبار الامير سيف الدولة الحمداني التوفي سنة 356 ه.967 م /</subfield>
<subfield code="c">قد اعتنى بالتقاطها وشرحها ماريوس كانار.</subfield>
</datafield>
<datafield tag="880" ind1="1" ind2="5">
<subfield code="6">246-03/</subfield>
<subfield code="a">نخب تاريخية وادبية جامعة لاخبار الامير سيف الدولة الحمداني</subfield>
</datafield>
<datafield tag="880" ind1=" " ind2=" ">
<subfield code="6">260-04/</subfield>
<subfield code="a">الجزاۓر :</subfield>
<subfield code="b">جول كربونيل،</subfield>
<subfield code="c">١٩٣٤.</subfield>
</datafield>
<datafield tag="880" ind1="1" ind2=" ">
<subfield code="6">490-05/</subfield>
<subfield code="a">خزانة الكتب العربية ؛</subfield>
<subfield code="v">٨.</subfield>
</datafield>
<datafield tag="880" ind1="1" ind2="4">
<subfield code="6">600-06/</subfield>
<subfield code="a">سيف الدولة الحمداني ، علي بن عبد الله.</subfield>
</datafield>
<datafield tag="830" ind1=" " ind2="0">
<subfield code="6">880-07</subfield>
<subfield code="a">Maktabah al-ʻArabīyah (Cairo, Egypt) ;</subfield>
<subfield code="v">no. 8.</subfield>
</datafield>
<datafield tag="880" ind1=" " ind2="0">
<subfield code="6">830-07/</subfield>
<subfield code="a">خزانة الكتب العربية ;</subfield>
<subfield code="v">٨.</subfield>
</datafield>
<datafield tag="OWN" ind1=" " ind2=" ">
<subfield code="a">GENERAL</subfield>
</datafield>
<datafield tag="AVA" ind1=" " ind2=" ">
<subfield code="a">NYU50</subfield>
<subfield code="b">BOBST</subfield>
<subfield code="c">Main Collection</subfield>
<subfield code="d">DS97 .C35</subfield>
<subfield code="e">unavailable</subfield>
<subfield code="t">Unavailable</subfield>
<subfield code="f">1</subfield>
<subfield code="g">1</subfield>
<subfield code="h">N</subfield>
<subfield code="i">0</subfield>
<subfield code="j">MAIN</subfield>
<subfield code="k">0</subfield>
</datafield>
</record>
